@misc{Frank+Asuncion:2010,
author = "A. Frank and A. Asuncion",
year = "2010",
title = "{UCI} Machine Learning Repository",
url = "http://archive.ics.uci.edu/ml",
institution = "University of California, Irvine, School of Information and Computer Sciences" }

@misc{Hall_weka:2010,
    author = {Mark Hall and Eibe Frank and Geoffrey Holmes and Bernhard Pfahringer and Peter Reutemann and Ian H. Witten},
    title = {The WEKA Data Mining Software: An Update},
    year = "2010"
}

@misc{Castro1:2013,
    author = {Daniel Castro},
    title = {Supervised Learning Analysis and Report},
    year = "2013"
}

@misc{Castro2:2013,
    author = {Daniel Castro},
    title = {Randomized Optimization Analysis},
    year = "2013"
}

@article{elter2007prediction,
  title={The prediction of breast cancer biopsy outcomes using two CAD approaches that both emphasize an intelligible decision process},
  author={Elter, M and Schulz-Wendtland, R and Wittenberg, T},
  journal={Medical Physics},
  volume={34},
  pages={4164},
  year={2007}
}